@book{tennekes1972first,
  title={A first course in turbulence},
  author={Tennekes, Hendrik and Lumley, John Leask},
  year={1972},
  publisher={MIT press}
}


@article{ashurst1987,
author = {Ashurst,Wm. T.  and Kerstein,A. R.  and Kerr,R. M.  and Gibson,C. H. },
title = {Alignment of vorticity and scalar gradient with strain rate in simulated Navier–Stokes turbulence},
journal = {The Physics of Fluids},
volume = {30},
number = {8},
pages = {2343-2353},
year = {1987},
doi = {10.1063/1.866513},

URL = { 
        https://aip.scitation.org/doi/abs/10.1063/1.866513
    
},
eprint = { 
        https://aip.scitation.org/doi/pdf/10.1063/1.866513
    
}

}

@article{betchov1956,
title={An inequality concerning the production of vorticity in isotropic turbulence},
volume={1},
DOI={10.1017/S0022112056000317},
number={5},
journal={Journal of Fluid Mechanics},
publisher={Cambridge University Press},
author={Betchov, R.},
year={1956},
pages={497–504}}

@article{cantwell1992,
author = {Cantwell,Brian J. },
title = {Exact solution of a restricted Euler equation for the velocity gradient tensor},
journal = {Physics of Fluids A: Fluid Dynamics},
volume = 4,
number = 4,
pages = {782-793},
year = 1992,
doi = {10.1063/1.858295},

URL = { 
        https://doi.org/10.1063/1.858295
    
},
eprint = { 
        https://doi.org/10.1063/1.858295
}
}

@article{chertkov1995,
  title = {Normal and anomalous scaling of the fourth-order correlation function of a randomly advected passive scalar},
  author = {Chertkov, M. and Falkovich, G. and Kolokolov, I. and Lebedev, V.},
  journal = {Phys. Rev. E},
  volume = {52},
  issue = {5},
  pages = {4924--4941},
  numpages = {0},
  year = {1995},
  month = {Nov},
  publisher = {American Physical Society},
  doi = {10.1103/PhysRevE.52.4924},
  url = {https://link.aps.org/doi/10.1103/PhysRevE.52.4924}
}

@article{chertkov1999,
author = {Chertkov,Michael  and Pumir,Alain  and Shraiman,Boris I. },
title = {Lagrangian tetrad dynamics and the phenomenology of turbulence},
journal = {Physics of Fluids},
volume = {11},
number = {8},
pages = {2394-2410},
year = {1999},}

@article{chong1990,
author = {Chong,M. S.  and Perry,A. E.  and Cantwell,B. J. },
title = {A general classification of three‐dimensional flow fields},
journal = {Physics of Fluids A: Fluid Dynamics},
volume = {2},
number = {5},
pages = {765-777},
year = {1990},
doi = {10.1063/1.857730},

URL = { 
        https://doi.org/10.1063/1.857730
    
},
eprint = {https://doi.org/10.1063/1.857730}
}

@article{ooiChong1999,
title={A study of the evolution and characteristics of the invariants of the velocity-gradient tensor in isotropic turbulence},
volume={381},
DOI={10.1017/S0022112098003681},
journal={Journal of Fluid Mechanics},
publisher={Cambridge University Press},
author={OOI, ANDREW and MARTIN, JESUS and SORIA, JULIO and CHONG, M. S.},
year={1999},
pages={141–174}}

@article{das2020,
title={Characterization of velocity-gradient dynamics in incompressible turbulence using local streamline geometry},
volume={895},
DOI={10.1017/jfm.2020.286},
journal={Journal of Fluid Mechanics},
publisher={Cambridge University Press},
author={Das, Rishita and Girimaji, Sharath S.},
year={2020},
pages={A5}}

@article{das2019,
title={On the Reynolds number dependence of velocity-gradient structure and dynamics},
volume={861},
DOI={10.1017/jfm.2018.924},
journal={Journal of Fluid Mechanics},
publisher={Cambridge University Press},
author={Das, Rishita and Girimaji, Sharath S.},
year={2019},
pages={163–179}}

@article{fairhall1997,
  title = {Direct Numerical Simulations of the Kraichnan Model: Scaling Exponents and Fusion Rules},
  author = {Fairhall, Adrienne L. and Galanti, Barak and L'vov, Victor S. and Procaccia, Itamar},
  journal = {Phys. Rev. Lett.},
  volume = {79},
  issue = {21},
  pages = {4166--4169},
  numpages = {0},
  year = {1997},
  month = {Nov},
  publisher = {American Physical Society},
  doi = {10.1103/PhysRevLett.79.4166},
  url = {https://link.aps.org/doi/10.1103/PhysRevLett.79.4166}
}

@article{falkovich2001,
  title = {Particles and fields in fluid turbulence},
  author = {Falkovich, G. and Gaw\ifmmode \mbox{\c{e}}\else \c{e}\fi{}dzki, K. and Vergassola, M.},
  journal = {Rev. Mod. Phys.},
  volume = {73},
  issue = {4},
  pages = {913--975},
  numpages = {0},
  year = {2001},
  month = {Nov},
  publisher = {American Physical Society},
  doi = {10.1103/RevModPhys.73.913},
  url = {https://link.aps.org/doi/10.1103/RevModPhys.73.913}
}

@article{kraichnan1974,
title={Convection of a passive scalar by a quasi-uniform random straining field},
volume={64},
DOI={10.1017/S0022112074001881},
number={4},
journal={Journal of Fluid Mechanics},
publisher={Cambridge University Press},
author={Kraichnan, Robert H.},
year={1974},
pages={737–762}}

%----- Meneveau Group -----%
@article{johnson2017,
  title = {Turbulence intermittency in a multiple-time-scale Navier-Stokes-based reduced model},
  author = {Johnson, Perry L. and Meneveau, Charles},
  journal = {Phys. Rev. Fluids},
  volume = {2},
  issue = {7},
  pages = {072601},
  numpages = {8},
  year = {2017},
  month = {Jul},
  publisher = {American Physical Society},
  doi = {10.1103/PhysRevFluids.2.072601},
  url = {https://link.aps.org/doi/10.1103/PhysRevFluids.2.072601}
}

@article{johnson2016,
title={A closure for Lagrangian velocity gradient evolution in turbulence using recent-deformation mapping of initially Gaussian fields},
volume={804},
DOI={10.1017/jfm.2016.551},
journal={Journal of Fluid Mechanics},
publisher={Cambridge University Press},
author={Johnson, Perry L. and Meneveau, Charles},
year={2016},
pages={387–419}}

@article{johnson2015,
author = {Johnson,Perry L.  and Meneveau,Charles },
title = {Large-deviation joint statistics of the finite-time Lyapunov spectrum in isotropic turbulence},
journal = {Physics of Fluids},
volume = {27},
number = {8},
pages = {085110},
year = {2015},
doi = {10.1063/1.4928699},

URL = { 
        https://aip.scitation.org/doi/abs/10.1063/1.4928699

},
eprint = { 
        https://aip.scitation.org/doi/pdf/10.1063/1.4928699
}
}


@article{mohammad2018,
  title = {Multiscale analysis of the invariants of the velocity gradient tensor in isotropic turbulence},
  author = {Danish, Mohammad and Meneveau, Charles},
  journal = {Phys. Rev. Fluids},
  volume = {3},
  issue = {4},
  pages = {044604},
  numpages = {22},
  year = {2018},
  month = {Apr},
  publisher = {American Physical Society},
  doi = {10.1103/PhysRevFluids.3.044604},
  url = {https://link.aps.org/doi/10.1103/PhysRevFluids.3.044604}
}
%----- End Meneveau Group -----%

@article{moin1998,
author = {Moin, Parviz and Mahesh, Krishnan},
title = {DIRECT NUMERICAL SIMULATION: A Tool in Turbulence Research},
journal = {Annual Review of Fluid Mechanics},
volume = {30},
number = {1},
pages = {539-578},
year = {1998},
doi = {10.1146/annurev.fluid.30.1.539},

URL = { 
        https://doi.org/10.1146/annurev.fluid.30.1.539
    
},
eprint = { 
        https://doi.org/10.1146/annurev.fluid.30.1.539
    
}

}

@article{pope1975,
title={A more general effective-viscosity hypothesis},
volume={72},
DOI={10.1017/S0022112075003382},
number={2},
journal={Journal of Fluid Mechanics},
publisher={Cambridge University Press},
author={Pope, S. B.},
year={1975},
pages={331–340}}

@book{risken1996,
title = {The Fokker-Planck Equation},
author = {Risken,Hannes and Till,Frank},
publisher = {Springer,Berlin,Heidelberg},
year = {1996}}

@article{spencer1958theory,
  title={The theory of matrix polynomials and its application to the mechanics of isotropic continua},
  author={Spencer, Anthony James Merrill and Rivlin, Ronald S},
  journal={Archive for rational mechanics and analysis},
  volume={2},
  pages={309--336},
  year={1958},
  publisher={Springer}
}

@article{spencer1960,
author="Spencer, A. J. M.
and Rivlin, R. S.",
title="Further results in the theory of matrix polynomials",
volume="4",
journal="Arch. Rational Mech. Anal.",
year={1959},
url="https://doi-org.ezproxy4.library.arizona.edu/10.1007/BF00281388",
pages={214-230}}

@article{sreenivasan1997,
author = {Sreenivasan, K. R. and Antonia, R. A.},
title = {THE PHENOMENOLOGY OF SMALL-SCALE TURBULENCE},
journal = {Annual Review of Fluid Mechanics},
volume = {29},
number = {1},
pages = {435-472},
year = {1997},
doi = {10.1146/annurev.fluid.29.1.435},

URL = { 
        https://doi.org/10.1146/annurev.fluid.29.1.435
    
},
eprint = { 
        https://doi.org/10.1146/annurev.fluid.29.1.435
    
}
}

@article{donzis2008,
author = {Donzis,D. A.  and Yeung,P. K.  and Sreenivasan,K. R. },
title = {Dissipation and enstrophy in isotropic turbulence: Resolution effects and scaling in direct numerical simulations},
journal = {Physics of Fluids},
volume = {20},
number = {4},
pages = {045108},
year = {2008},
doi = {10.1063/1.2907227},
URL = { 
        https://doi.org/10.1063/1.2907227
},
eprint = { 
        https://doi.org/10.1063/1.2907227
}
}

@article{lund1994,
author = {Lund,Thomas S.  and Rogers,Michael M. },
title = {An improved measure of strain state probability in turbulent flows},
journal = {Physics of Fluids},
volume = {6},
number = {5},
pages = {1838-1847},
year = {1994},
doi = {10.1063/1.868440},
URL = { 
        https://doi.org/10.1063/1.868440
},
eprint = { 
        https://doi.org/10.1063/1.868440
}
}

@article{vieillefosse1984,
title = {Internal motion of a small element of fluid in an inviscid flow},
journal = {Physica A: Statistical Mechanics and its Applications},
volume = {125},
number = {1},
pages = {150-162},
year = {1984},
issn = {0378-4371},
doi = {https://doi.org/10.1016/0378-4371(84)90008-6},
url = {https://www.sciencedirect.com/science/article/pii/0378437184900086},
author = {P. Vieillefosse}
}

@article{tian2021,
  title={Physics-informed machine learning of the Lagrangian dynamics of velocity gradient tensor},
  author={Tian, Yifeng and Livescu, Daniel and Chertkov, Michael},
  journal={Physical Review Fluids},
  volume={6},
  number={9},
  pages={094607},
  year={2021},
  publisher={APS}
}

@article{tian2021_MZ,
author = {Tian,Yifeng  and Lin,Yen Ting  and Anghel,Marian  and Livescu,Daniel },
title = {Data-driven learning of Mori–Zwanzig operators for isotropic turbulence},
journal = {Physics of Fluids},
volume = {33},
number = {12},
pages = {125118},
year = {2021},
doi = {10.1063/5.0070548},
URL = { 
        https://doi.org/10.1063/5.0070548
},
eprint = { 
        https://doi.org/10.1063/5.0070548
}
}

@article{zheng1993,
title = {On the representations for isotropic vector-valued, symmetric tensor-valued and skew-symmetric tensor-valued functions},
journal = {International Journal of Engineering Science},
volume = {31},
number = {7},
pages = {1013-1024},
year = {1993},
issn = {0020-7225},
doi = {https://doi.org/10.1016/0020-7225(93)90109-8},
url = {https://www.sciencedirect.com/science/article/pii/0020722593901098},
author = {Q.-S. Zheng}
}

%--------- Software Stuff ---------%
@article{DifferentialEquations.jl-2017,
 author = {Rackauckas, Christopher and Nie, Qing},
 doi = {10.5334/jors.151},
 journal = {The Journal of Open Research Software},
 keywords = {Applied Mathematics},
 note = {Exported from https://app.dimensions.ai on 2019/05/05},
 number = {1},
 pages = {},
 title = {DifferentialEquations.jl – A Performant and Feature-Rich Ecosystem for Solving Differential Equations in Julia},
 url = {https://app.dimensions.ai/details/publication/pub.1085583166 and http://openresearchsoftware.metajnl.com/articles/10.5334/jors.151/galley/245/download/},
 volume = {5},
 year = {2017}
}

@article{Flux.jl-2018,
  author    = {Michael Innes and
               Elliot Saba and
               Keno Fischer and
               Dhairya Gandhi and
               Marco Concetto Rudilosso and
               Neethu Mariya Joy and
               Tejan Karmali and
               Avik Pal and
               Viral Shah},
  title     = {Fashionable Modelling with Flux},
  journal   = {CoRR},
  volume    = {abs/1811.01457},
  year      = {2018},
  url       = {http://arxiv.org/abs/1811.01457},
  archivePrefix = {arXiv},
  eprint    = {1811.01457},
  timestamp = {Thu, 22 Nov 2018 17:58:30 +0100},
  biburl    = {https://dblp.org/rec/bib/journals/corr/abs-1811-01457},
  bibsource = {dblp computer science bibliography, https://dblp.org}
}

@article{innes:2018,
  author    = {Mike Innes},
  title     = {Flux: Elegant Machine Learning with Julia},
  journal   = {Journal of Open Source Software},
  year      = 2018,
  doi       = {10.21105/joss.00602},
}


@article{Chen2018,
  author    = {Tian Qi Chen and
               Yulia Rubanova and
               Jesse Bettencourt and
               David Duvenaud},
  title     = {Neural Ordinary Differential Equations},
  journal   = {CoRR},
  volume    = {abs/1806.07366},
  year      = {2018},
  url       = {http://arxiv.org/abs/1806.07366},
  archivePrefix = {arXiv},
  eprint    = {1806.07366},
  timestamp = {Mon, 22 Jul 2019 14:09:23 +0200},
  biburl    = {https://dblp.org/rec/journals/corr/abs-1806-07366.bib},
  bibsource = {dblp computer science bibliography, https://dblp.org}
}

@article{Raissi2017,
  author    = {Maziar Raissi and
               George E. Karniadakis},
  title     = {Hidden Physics Models: Machine Learning of Nonlinear Partial Differential
               Equations},
  journal   = {CoRR},
  volume    = {abs/1708.00588},
  year      = {2017},
  url       = {http://arxiv.org/abs/1708.00588},
  archivePrefix = {arXiv},
  eprint    = {1708.00588},
  timestamp = {Mon, 13 Aug 2018 16:46:59 +0200},
  biburl    = {https://dblp.org/rec/journals/corr/abs-1708-00588.bib},
  bibsource = {dblp computer science bibliography, https://dblp.org}
}

@article{ohkitani1995,
  title={Nonlocal nature of vortex stretching in an inviscid fluid},
  author={Ohkitani, Koji and Kishiba, Seigo},
  journal={Physics of Fluids},
  volume=7,
  number=2,
  pages={411--421},
  year=1995,
  publisher={American Institute of Physics}
}

@article{lawson2015, title={On velocity gradient dynamics and turbulent structure}, volume=780, DOI={10.1017/jfm.2015.452}, journal={Journal of Fluid Mechanics}, publisher={Cambridge University Press}, author={Lawson, J. M. and Dawson, J. R.}, year=2015, pages={60–98}}

@article{ross2014mutual,
  title={Mutual information between discrete and continuous data sets},
  author={Ross, Brian C},
  journal={PloS one},
  volume={9},
  number={2},
  pages={e87357},
  year={2014},
  publisher={Public Library of Science San Francisco, USA}
}

@article{meneveau2011lagrangian,
  title={Lagrangian dynamics and models of the velocity gradient tensor in turbulent flows},
  author={Meneveau, Charles},
  journal={Annual Review of Fluid Mechanics},
  volume={43},
  pages={219--245},
  year={2011},
  publisher={Annual Reviews}
}

@article{chevillard2006lagrangian,
  title={Lagrangian dynamics and statistical geometric structure of turbulence},
  author={Chevillard, Laurent and Meneveau, Charles},
  journal={Physical review letters},
  volume={97},
  number={17},
  pages={174501},
  year={2006},
  publisher={APS}
}

@article{chevillard2008modeling,
  title={Modeling the pressure Hessian and viscous Laplacian in turbulence: comparisons with direct numerical simulation and implications on velocity gradient dynamics},
  author={Chevillard, L and Meneveau, C and Biferale, L and Toschi, F},
  journal={Physics of Fluids},
  volume={20},
  number={10},
  year={2008},
  publisher={AIP Publishing}
}

@inproceedings{hyett2020machine,
  title={Machine learning statistical lagrangian geometry of turbulence},
  author={Hyett, Criston and Chertkov, Michael and Tian, Yifeng and Livescu, Daniel},
  booktitle={APS Division of Fluid Dynamics Meeting Abstracts},
  pages={S01--024},
  year={2020}
}

@inproceedings{hyett2021machine,
  title={Machine Learning Statistical Evolution of the Coarse-Grained Velocity Gradient Tensor},
  author={Hyett, Criston and Chertkov, Michael and Tian, Yifeng and Livescu, Daniel and Stepanov, Mikhail},
  booktitle={APS Division of Fluid Dynamics Meeting Abstracts},
  pages={E31--009},
  year={2021}
}

@misc{wan2016johns,
  title={Johns Hopkins Turbulence Database (JHTDB)},
  author={Wan, M and Chen, S and Eyink, G and Meneveau, C and Perlman, E and Burns, R and Li, Y and Szalay, A and Hamilton, S},
  year={2016}
}

@article{hyett2022applicability,
  title={Applicability of Machine Learning Methodologies to Model the Statistical Evolution of the Coarse-Grained Velocity Gradient Tensor},
  author={Hyett, Criston and Tian, Yifeng and Woodward, Michael and Chertkov, Michael and Livescu, Daniel and Stepanov, Mikhail},
  journal={Bulletin of the American Physical Society},
  year={2022},
  publisher={APS}
}

@article{wilczek2014pressure,
  title={Pressure Hessian and viscous contributions to velocity gradient statistics based on Gaussian random fields},
  author={Wilczek, Michael and Meneveau, Charles},
  journal={Journal of Fluid Mechanics},
  volume={756},
  pages={191--225},
  year={2014},
  publisher={Cambridge University Press}
}