cmhyett@Newton.523812:1691653369