@ARTICLE{byeon2020awareness,

  author={Byeon, Geunyeong and Van Hentenryck, Pascal},

  journal={IEEE Transactions on Power Systems}, 

  title={Unit Commitment With Gas Network Awareness}, 

  year={2020},

  volume={35},

  number={2},

  pages={1327-1339},

  doi={10.1109/TPWRS.2019.2942298}}

@article{Bayani_2022,
	doi = {10.1109/tsg.2022.3158232},
  
	url = {https://doi.org/10.1109%2Ftsg.2022.3158232},
  
	year = 2022,
	month = {jul},
  
	publisher = {Institute of Electrical and Electronics Engineers ({IEEE})},
  
	volume = {13},
  
	number = {4},
  
	pages = {2761--2773},
  
	author = {Reza Bayani and Saeed D. Manshadi},
  
	title = {Natural Gas Short-Term Operation Problem With Dynamics: A Rank Minimization Approach},
  
	journal = {{IEEE} Transactions on Smart Grid}
}

@ARTICLE{Zhao_2017,

  author={Zhao, Bining and Conejo, Antonio J. and Sioshansi, Ramteen},

  journal={IEEE Transactions on Power Systems}, 

  title={Unit Commitment Under Gas-Supply Uncertainty and Gas-Price Variability}, 

  year={2017},

  volume={32},

  number={3},

  pages={2394-2405},

  doi={10.1109/TPWRS.2016.2602659}}

