@article{Gyrya2019AnExplicit,
  title={An explicit staggered-grid method for numerical simulation of large-scale natural gas pipeline networks},
  author={Gyrya, Vitaliy and Zlotnik, Anatoly},
  journal={Applied Mathematical Modelling},
  volume={65},
  pages={34--51},
  year={2019},
  publisher={Elsevier}
}

@ARTICLE{Zlotnik2017Coordinated,
  author={Zlotnik, Anatoly and Roald, Line and Backhaus, Scott and Chertkov, Michael and Andersson, GÃ¶ran},
  journal={IEEE Transactions on Power Systems}, 
  title={Coordinated Scheduling for Interdependent Electric Power and Natural Gas Infrastructures}, 
  year={2017},
  volume={32},
  number={1},
  pages={600-610},
  doi={10.1109/TPWRS.2016.2545522}}
  
@article{Chertkov2015Cascading,
title = {Cascading of fluctuations in interdependent energy infrastructures: Gas-grid coupling},
journal = {Applied Energy},
volume = {160},
pages = {541-551},
year = {2015},
issn = {0306-2619},
doi = {https://doi.org/10.1016/j.apenergy.2015.09.085},
url = {https://www.sciencedirect.com/science/article/pii/S0306261915011940},
author = {Michael Chertkov and Scott Backhaus and Vladimir Lebedev},
}

@INPROCEEDINGS{Vuffray2015Monotonicity,
  author={Vuffray, Marc and Misra, Sidhant and Chertkov, Michael},
  booktitle={2015 54th IEEE Conference on Decision and Control (CDC)}, 
  title={Monotonicity of dissipative flow networks renders robust maximum profit problem tractable: General analysis and application to natural gas flows}, 
  year={2015},
  pages={4571-4578},
  doi={10.1109/CDC.2015.7402933}}
  
@INPROCEEDINGS{Chertkov2015Pressure,
  author={Chertkov, Michael and Fisher, Michael and Backhaus, Scott and Bent, Russell and Misra, Sidhant},
  booktitle={2015 48th Hawaii International Conference on System Sciences}, 
  title={Pressure Fluctuations in Natural Gas Networks Caused by Gas-Electric Coupling}, 
  year={2015},
  pages={2738-2747},
  doi={10.1109/HICSS.2015.330}}
  
@misc{GasTranSim,
  author = {Kaarthik Sundar},
  title = {{GasTranSim {J}ulia package}},
  howpublished = "\url{https://github.com/kaarthiksundar/GasTranSim.jl}",
  year = {2008},
}
