@article{Bienstock2014Chance-Constrained,
author = {Bienstock, Daniel and Chertkov, Michael and Harnett, Sean},
title = {Chance-Constrained Optimal Power Flow: Risk-Aware Network Control under Uncertainty},
journal = {SIAM Review},
volume = {56},
number = {3},
pages = {461-495},
year = {2014},
doi = {10.1137/130910312},
URL = {https://doi.org/10.1137/130910312},
eprint = {https://doi.org/10.1137/130910312},
}

@ARTICLE{Lubin2019Chance,
  author={Lubin, M. and Dvorkin, Y. and Roald, L.},
  journal={IEEE Transactions on Power Systems}, 
  title={Chance Constraints for Improving the Security of AC Optimal Power Flow}, 
  year={2019},
  volume={34},
  number={3},
  pages={1908-1917},
  doi={10.1109/TPWRS.2018.2890732}}
  
  
@article{Friedman2003Being,
	author = {Friedman, Nir and Koller, Daphne},
	doi = {10.1023/A:1020249912095},
	isbn = {1573-0565},
	journal = {Machine Learning},
	number = {1},
	pages = {95--125},
	title = {Being Bayesian About Network Structure. A Bayesian Approach to Structure Discovery in Bayesian Networks},
	url = {https://doi.org/10.1023/A:1020249912095},
	volume = {50},
	year = {2003},}

