@book{bressan2000,
  title={Hyperbolic systems of conservation laws: the one-dimensional Cauchy problem},
  author={Bressan, Alberto},
  volume={20},
  year={2000},
  publisher={Oxford University Press on Demand}
}

@article{sundar2019,
  author={Sundar, Kaarthik and Zlotnik, Anatoly},
  journal={IEEE Transactions on Control Systems Technology}, 
  title={State and Parameter Estimation for Natural Gas Pipeline Networks Using Transient State Data}, 
  year={2019},
  volume={27},
  number={5},
  pages={2110-2124},
  doi={10.1109/TCST.2018.2851507}}

@article{gyrya2019,
  title={An explicit staggered-grid method for numerical simulation of large-scale natural gas pipeline networks},
  author={Gyrya, Vitaliy and Zlotnik, Anatoly},
  journal={Applied Mathematical Modelling},
  volume={65},
  pages={34--51},
  year={2019},
  publisher={Elsevier}
}

@inproceedings{zlotnik2015,
  title={Optimal control of transient flow in natural gas networks},
  author={Zlotnik, Anatoly and Chertkov, Michael and Backhaus, Scott},
  booktitle={2015 54th IEEE conference on decision and control (CDC)},
  pages={4563--4570},
  year={2015},
  organization={IEEE}
}

@article{tokareva2022,
  title={Stochastic Finite Volume Method for Uncertainty Quantification of Transient Flow in Gas Pipeline Networks},
  author={Tokareva, Svetlana and Zlotnik, Anatoly and Gyrya, Vitaliy},
  journal={arXiv preprint arXiv:2204.06431},
  year={2022}
}

@book{ern2021,
  title={Finite Elements III: First-Order and Time-Dependent PDEs},
  author={Ern, Alexandre and Guermond, Jean-Luc},
  volume={74},
  year={2021},
  publisher={Springer Nature}
}

@article{kruvzkov1970first,
  title={First order quasilinear equations in several independent variables},
  author={Kru{\v{z}}kov, Stanislav N},
  journal={Mathematics of the USSR-Sbornik},
  volume={10},
  number={2},
  pages={217},
  year={1970},
  publisher={IOP Publishing}
}

@book{schreier1982compressible,
  title={Compressible flow},
  author={Schreier, Stefan},
  year={1982},
  publisher={John Wiley and Sons, Inc., New York, NY}
}

@article{mishra2012sparse,
  title={Sparse tensor multi-level Monte Carlo finite volume methods for hyperbolic conservation laws with random initial data},
  author={Mishra, Siddhartha and Schwab, Ch},
  journal={Mathematics of computation},
  volume={81},
  number={280},
  pages={1979--2018},
  year={2012}
}